@Article{Gitbook,
  Title    		   = {Gitbook:},
  Author		   = {Team GitHub},
  Url			   = {https://git-scm.com/book/en/v2}
}

@Misc{UdemyGit,
	Title			= {UdemyGit:},
	Author			= {Team Udemy},
	Url				= {https://www.udemy.com/git-e-github-para-iniciantes/}
}


@Misc{GitBranching,
	Title			= {GitBranching:},
	Author			= {Team GitBranching},
	Url				= {https://learngitbranching.js.org/}
}


@Misc{GitLab, 
	Title			= {GitLab:},
	Author			= {Team GitLab},	
	Url				= {https://lab.github.com/courses}
}


@Misc{Gittryio, 
	Title			= {Git-try-io:},
	Author			= {Team Git-try-io},		
	Url				= {http://try.github.io/}
}

